<?xml version="1.0" encoding="UTF-8"?><collection xmlns="http://www.loc.gov/MARC21/slim"><record><leader>00345nam--2200121-i-4500</leader><controlfield tag="001">000043055</controlfield><controlfield tag="002">20161230</controlfield><controlfield tag="005">20161230201043</controlfield><controlfield tag="008">060222s1000------------r-----000-0-eng-d</controlfield><datafield ind1=" " ind2=" " tag="100"><subfield code="a">Stout,George H.,Goto,Toshio And Hirata Y</subfield></datafield><datafield ind1=" " ind2=" " tag="245"><subfield code="a">Problems in advanced organic chemistry</subfield></datafield><datafield ind1=" " ind2=" " tag="260"><subfield code="a">San Francisco, Holden-day, 1968. Viii + 328 P</subfield></datafield><datafield ind1=" " ind2=" " tag="852"><subfield code="a">30353</subfield></datafield></record></collection>